<?xml version="1.0" encoding="UTF-8"?><record xmlns="http://www.loc.gov/MARC21/slim" xmlns:cinclude="http://apache.org/cocoon/include/1.0" xmlns:zs="http://www.loc.gov/zing/srw/">
  <leader>00605cz  a2200157n  4500</leader>
  <controlfield tag="001">no2007076899</controlfield>
  <controlfield tag="003">DLC</controlfield>
  <controlfield tag="005">20130326111419.0</controlfield>
  <controlfield tag="008">070710n| azannaabn          |a aaa     c</controlfield>
  <datafield tag="010" ind1=" " ind2=" ">
    <subfield code="a">no2007076899</subfield>
  </datafield>
  <datafield tag="035" ind1=" " ind2=" ">
    <subfield code="a">(OCoLC)oca07459818</subfield>
  </datafield>
  <datafield tag="040" ind1=" " ind2=" ">
    <subfield code="a">PPi-MA</subfield>
    <subfield code="b">eng</subfield>
    <subfield code="e">rda</subfield>
    <subfield code="c">PPi-MA</subfield>
    <subfield code="d">PPi-MA</subfield>
    <subfield code="d">DLC</subfield>
  </datafield>
  <datafield tag="100" ind1="1" ind2=" ">
    <subfield code="a">Sheppard, John,</subfield>
    <subfield code="d">approximately 1515-1558.</subfield>
    <subfield code="t">In pace in idipsum</subfield>
  </datafield>
  <datafield tag="400" ind1="1" ind2=" ">
    <subfield code="w">nnea</subfield>
    <subfield code="a">Sheppard, John,</subfield>
    <subfield code="d">ca. 1515-1558.</subfield>
    <subfield code="t">In pace in idipsum</subfield>
  </datafield>
  <datafield tag="670" ind1=" " ind2=" ">
    <subfield code="a">Stile Antico (Musical group). Music for compline [SR] p2007:</subfield>
    <subfield code="b">container (In pace in idipsum)</subfield>
  </datafield>
  <datafield tag="670" ind1=" " ind2=" ">
    <subfield code="a">Grove music online, July 10, 2007</subfield>
    <subfield code="b">(In pace in idipsum, 4vv)</subfield>
  </datafield>
</record>